@unpublished{fennern2007asr,
    title = "ABWR Seminar-Reactor, Core, and Neutronics",
    author = "L. Fennern",
    note = "GE-HITACHI",
    year = "2007"
}
@article{ganda2010sst,
    title = "Analysis of Reactivity Coefficients of Hydride-Fueled {PWR} Cores",
    author = "F. Ganda and E. Greenspan",
    journal = "Nuclear Science and Engineering",
    volume = "164",
    number = "1",
    pages = "1--32",
    year = "2010",
    month = "January"
}
@article{ganda2012sst,
    title = "Self-Sustaining Thorium Boiling Water Reactors",
    author = "F. Ganda and F. J. Arias and J. L. Vujic and E. Greenspan",
    journal = "Sustainability",
    volume = "4",
    number = "10",
    pages = "2472--2497",
    year = "2012",
    month = "October"
}
@article{greenspan1976dpt,
    title = "Developments in Perturbation Theory",
    author = "E. Greenspan",
    journal = "Nuclear Science and Technology",
    volume = "9",
    number = "1",
    pages = "181--268",
    year = "1976"
}
@inproceedings{henry1964nk,
    title = "Neutron Kinetics",
    author = "S. F. Henry",
    editor = "H. Hurwitz",
    booktitle = "Naval Reactors Physics Handbook: Selected Basic Techniques",
    publisher = "U.S. AEC",
    address = "Washington, D.C.",
    year = "1964"
}
@article{kiedrowski2011awt,
    title = "Adjoint-Weighted Tallies for k-Eigenvalue Calculations with Continuous-Energy Monte Carlo",
    author = "B. C. Kiedrowski and F. B. Brown and P. P. H. Wilson",
    journal = "Nuclear Science and Engineering",
    volume = "168",
    number = "3",
    pages = "226--241",
    year = "2011",
    month = "July"
}
@techreport{lanl2013mcnp6,
    title = "Initial {MCNP6} Release Overview - {MCNP6} version 1.0",
    author = "J. T. Goorley and M. James and T. Booth and F. B. Brown and J. Bull and L. J. Cox and J. Durkee and J. Elson and M. Fensin and R. A. Forster and J. Hendricks and H. G. Hughes and R. Johns and B. C. Kiedrowski and R. Martz and S. Mashnik and G. McKinney and D. Pelowitz and R. Prael and J. Sweezy and L. Waters and T. Wilcox and T. Zukaitis",
    month = "April",
    year = "2013",
    institution = "LANL",
    address = "Los Alamos, NM",
    number = "LA-UR-13-22934"
}
@conference{gorman2014tfr,
    title = "Thorium Fuelled Resource-Renewable BWR (RBWR) Design Update",
    author = "P. M. Gorman and S. Bogetic and J. Hou and J. E. Seifried and G. Zhang and J. L. Vujic and E. Greenspan",
    booktitle = "2014 International Congress on Advanced in Nuclear Power Plants ({ICAPP}) Conference",
    month = "April",
    year = "2014"
}
@conference{seifried2013aec,
    title = "Accelerated equilibrium core composition search using a new MCNP-based simulator",
    author = "J. E. Seifried and P. M. Gorman and J. L. Vujic and E. Greenspan",
    booktitle = "2013 Joint International Conference on Supercomputing in Nuclear Applications and Monte Carlo ({SNA + MC 2013})",
    year = "2013",
    month = "October"
}
@conference{shirvan2013bev,
    title = "Best Estimate Void Fraction and Critical Power Correlations for Tight Lattice BWR Bundles",
    author = "K. Shirvan and N. Andrews and M. S. Kazimi",
    booktitle = "2013 International Congress on Advances in Nuclear Power Plants ({ICAPP}) Conference",
    month = "April",
    year = "2013"
}
@conference{takeda2007blt,
    title = "{BWR}s for Long-Term Energy Supply and for Fissioning Almost All Transuraniums",
    author = "R. Takeda and J. Miwa and K. Moriya",
    booktitle = "2007 Advanced Nuclear Fuel Cycles and Systems  ({Global}) Conference",
    month = "September",
    year = "2007"
}
